@incollection{kersting2018distribution,
  title={Distribution system modeling and analysis},
  author={Kersting, William H},
  booktitle={Electric power generation, transmission, and distribution},
  pages={26--1},
  year={2018},
  publisher={CRC press}
}

@article{krolo2018computation,
  title={Computation of Carson formulas using piecewise approximation of kernel function},
  author={Krolo, Ivan and Vujevi{\'c}, Slavko and Modri{\'c}, Ton{\'c}i},
  journal={International journal for engineering modelling},
  volume={31},
  number={1-2},
  pages={15--30},
  year={2018},
  publisher={Fakultet gra{\dj}evinarstva, arhitekture i geodezije; Fakultet elektrotehnike~â€¦}
}

@article{dubanton1969calcul,
  title={Calcul approch{\'e} des parametres primaires et secondaires d'une ligne de transport},
  author={Dubanton, C},
  journal={EDF Bull. Direct. Etudes Rech},
  volume={1},
  pages={53--62},
  year={1969}
}

@article{fortescue1918method,
  title={Method of symmetrical co-ordinates applied to the solution of polyphase networks},
  author={Fortescue, Charles L},
  journal={Transactions of the American Institute of Electrical Engineers},
  volume={37},
  number={2},
  pages={1027--1140},
  year={1918},
  publisher={IEEE}
}

@book{tleis2007power,
  title={Power systems modelling and fault analysis: theory and practice},
  author={Tleis, Nasser},
  year={2007},
  publisher={Elsevier}
}

@article{alvarez2021universal,
  title={Universal branch model for the solution of optimal power flows in hybrid AC/DC grids},
  author={Alvarez-Bustos, Abraham and Kazemtabrizi, Behzad and Shahbazi, Mahmoud and Acha-Daza, Enrique},
  journal={International Journal of Electrical Power \& Energy Systems},
  volume={126},
  pages={106543},
  year={2021},
  publisher={Elsevier}
}

@article{rupa2014power,
  title={Power flow analysis for radial distribution system using backward/forward sweep method},
  author={Rupa, JA Michline and Ganesh, S},
  journal={International Journal of Electrical, Computer, Electronics and Communication Engineering},
  volume={8},
  number={10},
  pages={1540--1544},
  year={2014}
}

@article{zimmerman2010ac,
  title={AC power flows, generalized OPF costs and their derivatives using complex matrix notation},
  author={Zimmerman, Ray D},
  journal={MATPOWER Tech. Note},
  volume={2},
  pages={60--62},
  year={2010}
}