@article{weniger1989nonlinear,
	title={Nonlinear sequence transformations for the acceleration of convergence and the summation of divergent series},
	author={Weniger, Ernst Joachim},
	journal={Computer Physics Reports},
	volume={10},
	number={5},
	pages={189--371},
	year={1989},
	publisher={Elsevier}
}

@book{kersting2012distribution,
	title={Distribution system modeling and analysis},
	author={Kersting, William H},
	year={2012},
	publisher={CRC press}
}

@article{milano2005open,
	title={An open source power system analysis toolbox},
	author={Milano, Federico},
	journal={Power Systems, IEEE Transactions on},
	volume={20},
	number={3},
	pages={1199--1206},
	year={2005},
	publisher={IEEE}
}

@book{milano2010power,
	title={Power system modelling and scripting},
	author={Milano, Federico},
	year={2010},
	publisher={Springer Science \& Business Media}
}

@report{NASA_HELM,
	author = {NASA},
	title = {Holomorphic Embedded Load Flow	for	Autonomous Spacecraft	Power Systems},
	type = {Report},
	institution = {NASA},
	date = {2015-2017}
}


@online{McLaurinWolfram,
	author = {Weisstein, Eric W},
	editor = {MathWorld--A Wolfram Web},
	title = {Maclaurin Series.},
	date = {16-6-2016},
	url = {http://mathworld.wolfram.com/MaclaurinSeries.html}
}


@thesis{subramanian2014application,
	title={Application of Holomorphic Embedding to the Power-Flow Problem},
	author={Subramanian, Muthu Kumar},
	year={2014},
	school={Arizona State University}
}

@article{zimmerman2009matpower,
	title={MATPOWER: a Matlab power system simulation package 2006},
	author={Zimmerman, RD and Murillo-Sanchez, CE and Gan, D},
	journal={Appendix The induction generator parameters are: Rated power},
	volume={1},
	year={2009}
}


@article{wynn1961epsilon,
	title={The epsilon algorithm and operational formulas of numerical analysis},
	author={Wynn, P},
	journal={Mathematics of computation},
	volume={15},
	number={74},
	pages={151--158},
	year={1961}
}

@article{iwamoto1981load,
	title={A load flow calculation method for ill-conditioned power systems},
	author={Iwamoto, Shinichi and Tamura, Yasuo},
	journal={IEEE Transactions on Power Apparatus and Systems},
	number={4},
	pages={1736--1743},
	year={1981},
	publisher={IEEE}
}

@phdthesis{ThesisBenedikt,
	title={???},
	author={??, Benedikt},
	year={2015},
	school={Munich University}
}

@misc{trias2009system,
	title={System and method for monitoring and managing electrical power transmission and distribution networks},
	author={Trias, Antonio},
	year={2009},
	month=apr # "~14",
	publisher={Google Patents},
	note={US Patent 7,519,506}
}

@article{ramirez1985fft,
	title={The FFT. Fundamentals and concepts},
	author={Ramirez, Robert W},
	journal={Englewood Cliffs: Prentice-Hall, 1985},
	volume={1},
	year={1985}
}

@book{chu1999inside,
	title={Inside the FFT black box: serial and parallel fast Fourier transform algorithms},
	author={Chu, Eleanor and George, Alan},
	year={1999},
	publisher={CRC Press}
}

@techreport{frigo1997fastest,
	title={The fastest fourier transform in the west},
	author={Frigo, Matteo and Johnson, Steven G},
	year={1997},
	institution={DTIC Document}
}

@article{iwamoto1981load,
	title={A load flow calculation method for ill-conditioned power systems},
	author={Iwamoto, S and Tamura, Y},
	journal={Power Apparatus and Systems, IEEE Transactions on},
	number={4},
	pages={1736--1743},
	year={1981},
	publisher={IEEE}
}

@ARTICLE{HERao_Feng,
	author={Rao, S. and Feng, Y. and Tylavsky, D.J. and Subramanian, M.K.},
	journal={Power Systems, IEEE Transactions on},
	title={The Holomorphic Embedding Method Applied to the Power-Flow Problem},
	year={2015},
	volume={PP},
	number={99},
	pages={1-13},
	keywords={Approximation methods;Convergence;Heuristic algorithms;Nonlinear equations;Numerical models;Polynomials;Power systems;Analytic continuation;germ;holomorphic embedding;holomorphic series method;power-flow},
	doi={10.1109/TPWRS.2015.2503423},
	ISSN={0885-8950},
	month={}}

@online{Wolfram_epsilon,
	author = {Weisstein, Eric W.},
	editor = {From MathWorld--A Wolfram Web Resource.},
	title = {"Wynn's Epsilon Method."},
	date = {27/1/2016},
	url = {http://mathworld.wolfram.com/WynnsEpsilonMethod.html }
}

@online{Wolfram_pade,
	author = {Weisstein, Eric W.},
	editor = {From MathWorld--A Wolfram Web Resource.},
	title = {Pad\'e Approximant.},
	date = {27/1/2016},
	url = {http://mathworld.wolfram.com/PadeApproximant.html }
}


@book{powell2004power,
	title={Power system load flow analysis},
	author={Powell, Lynn},
	year={2004},
	publisher={McGraw Hill professional}
}


@book{mathews1999numerical,
	title={Numerical methods using MATLAB},
	author={Mathews, John H and Fink, Kurtis D},
	volume={31},
	year={1999},
	publisher={Prentice hall Upper Saddle River, NJ}
}

@article{brown1968z,
	title={Z-matrix algorithms in load-flow programs},
	author={Brown, Homer E and Carter, Gordon K and Happ, Harvey H and Person, Conrad E},
	journal={Power Apparatus and Systems, IEEE Transactions on},
	number={3},
	pages={807--814},
	year={1968},
	publisher={IEEE}
}

@bookinbook{PGComplexity,
	author = {Shenwei Mei, Xuemin Zhang, Ming Cao},
	title = {Power Grid Complexity},
	booktitle = {Power Grid Complexity},
	date = {2010}
}


//ref 48
@article{Holme_article1,
	author = {Holme P.},
	title = {Edge overload breakdown in evolving networks},
	journal = {Physical Review E},
	year = {2002},
	volume = {65(1)}
}

//ref 58
@article{Dobson_article1,
	author = {Dobson I, Carreras B A, Newman D E},
	title = {A loading dependent model of probabilistic	cascading failure},
	journal = {Probability in the Engineering and Informational Sciences},
	year = {2005},
	pages = {7-10}
}

//ref 49
@article{Lai_Motter_article1,
	author = {Lai Y C, Motter A E, Nishikawa T},
	title = {Attacks and cascades in complex networks},
	journal = {Lecture	Notes in Physics},
	year = {2004},
	volume = {66(2)}
}

//ref 51
@article{Zhao_article1,
	author = {Zhao L, Park K, Lai Y C},
	title = {Attack vulnerability of scale-free networks due to cascading breakdown},
	journal = {Physical Review E},
	year = {2004},
	volume = {70(3)}
}



@article{Cructiti_article1,
	author = {Cructiti P, Latora V, Marchiori M},
	title = {Model for cascading failures in complex networks.},
	journal = {Physical Review E},
	year = {2004},
	volume = {69(4)}
}



@article{Dobson_article2,
	author = {Dobson I, Chen J, Thorp J S, et al},
	title = {Examining criticality of blackouts in power system models with cascading events.},
	journal = {Proceedings of the 35th Annual Hawaii International	Conference on System Sciences},
	year = {Jan. 2002},
	pages = {7-10}
}


@article{Dobson_article3,
	author = {Dobson I, Carreras B A, Newman D E},
	title = {A branching process approximation to cascading	load-dependent system failure.},
	journal = {The 37th Hawaii International Conference on System Sciences},
	year = {Jan. 2004},
}



@article{Dobson_article4,
	author = {Dobson I, Carreras B A, Newman D E},
	title = {Branching process models for the exponentially	increasing portions of cascading failure blackouts.},
	journal = {Proceedings of the 38th Annual Hawaii International	Conference on System Sciences},
	year = {Jan. 2005},
}



@article{Dobson_article5,
	author = {Dobson I, Carreras B A, Lynch V E, et al.},
	title = {An initial model for complex dynamics in electric power system blackouts},
	journal = {Proceedings of the 34th Hawaii International Conference on System Sciences, Maui, Hawaii},
	year = {Jan. 2001},
}


@article{Carreras_article1,
	author = {Carreras B A, Lynch V E, Newman D E},
	title = {Dynamics, criticality and self-organization in a model for blackouts in power transmission systems},
	journal = {Proceedings of the 35th Hawaii International Conference on System Sciences},
	year = {Jan. 2002},
}


@article{Carreras_article2,
	author = {Carreras B A, Lynch V E, Dobson I, et al},
	title = {Complex dynamics of blackouts in power	transmission systems},
	journal = {Proceedings of the 35th Hawaii International Conference on System Sciences},
	year = {2004},
	pages = {643-652},
	volume = {14(3)}
}


@article{Chen_article1,
	author = {Chen J, Thorp J S, Dobson I},
	title = {Cascading dynamics and mitigation assessment in power system disturbances via a hidden failure model},
	journal = {International Journal Electrical Power and Energy Systems},
	year = {2005},
	pages = {318-326},
	volume = {27(4)}
}


@article{Nedic_article1,
	author = {Nedic D P, Dobson I, Kirschend S, et al},
	title = {Criticality in a cascading failure blackout model},
	journal = {Proceedings of the 15th Power Systems Computation Conference, Liege, Belgium},
	year = {Aug. 2005}
}


@article{Kirschen_article1,
	author = {Kirschen D S, Jayaweera D, Nedic D P, et al},
	title = {A probabilistic indicator of system stress},
	journal = {IEEE Transactions on Power Systems},
	year = {2004},
	pages = {1650 - 1657},
	volume = {19(3)}
}


@article{Shortle_article1,
	author = {John F. Shortle},
	title = {Efficient simulation of blackout probabilities using splitting},
	journal = {Electrical Power and Energy Systems},
	year = {2013},
	pages = {743â€“751},
	volume = {44}
}


@book{allan2013reliability,
	title={Reliability evaluation of power systems},
	author={Allan, RN and others},
	year={2013},
	publisher={Springer Science \& Business Media}
}



@book{chowdhury2011power,
	title={Power distribution system reliability: practical methods and applications},
	author={Chowdhury, Ali and Koval, Don},
	volume={48},
	year={2011},
	publisher={John Wiley \& Sons}
}




@misc{wadman2015large,
	title={A large deviation based splitting estimation of power flow reliability},
	author={Wadman, Wander S and Crommelin, Daan T and Zwart, Bert P},
	year={2015},
	publisher={Submitted}
}


@ARTICLE{TinneyNewtonPF,
	author={Tinney, William F. and Hart, C.E.},
	journal={Power Apparatus and Systems, IEEE Transactions on},
	title={Power Flow Solution by Newton's Method},
	year={1967},
	volume={PAS-86},
	number={11},
	pages={1449-1460},
	keywords={Gaussian processes;Helium;Iterative algorithms;Iterative methods;Linear systems;Load flow;Newton method;Nonlinear equations;Power systems;Testing},
	doi={10.1109/TPAS.1967.291823},
	ISSN={0018-9510},
	month={Nov},}


@article{StottFDLF,
	author={Stott, B.},
	journal={Power Apparatus and Systems, IEEE Transactions on},
	title={Decoupled Newton Load Flow},
	year={1972},
	volume={PAS-91},
	number={5},
	pages={1955-1959},
	keywords={Application software;Computer network reliability;Hybrid power systems;Iterative methods;Jacobian matrices;Load flow;Newton method;Power system reliability;Testing;Voltage},
	doi={10.1109/TPAS.1972.293524},
	ISSN={0018-9510},
	month={Sept},}


@article{stott1971effective,
	title={Effective starting process for Newton-Raphson load flows},
	author={Stott, B},
	journal={Electrical Engineers, Proceedings of the Institution of},
	volume={118},
	number={8},
	pages={983--987},
	year={1971},
	publisher={IET}
}

@inproceedings{okumura1991solution,
	title={Solution of ill-conditioned load flow equation by homotopy continuation method},
	author={Okumura, Kohshi and Terai, Kenji and Kishima, Akira},
	booktitle={Circuits and Systems, 1991., IEEE International Sympoisum on},
	pages={2897--2899},
	year={1991},
	organization={IEEE}
}

@article{brown1963power,
	title={Power flow solution by impedance matrix iterative method},
	author={Brown, HE and Carter, GK and Happ, HH and Person, CE},
	journal={Power Apparatus and Systems, IEEE Transactions on},
	volume={82},
	number={65},
	pages={1--10},
	year={1963},
	publisher={IEEE}
}

@ARTICLE{Jacobi,
	author={J. B. Ward and H. W. Hale},
	journal={Transactions of the American Institute of Electrical Engineers. Part III: Power Apparatus and Systems},
	title={Digital Computer Solution of Power-Flow Problems [includes discussion]},
	year={1956},
	volume={75},
	number={3},
	pages={},
	keywords={Computer networks;Copper;Costs;Hazards;Investments;Power cables;Power generation economics;Power system analysis computing;Power system economics;Voltage},
	doi={10.1109/AIEEPAS.1956.4499318},
	ISSN={0097-2460},
	month={Jan},}

@article{van1959iteration,
	title={Iteration methods for digital load flow studies},
	author={Van Ness, James E},
	journal={Power Apparatus and Systems, Part III. Transactions of the American Institute of Electrical Engineers},
	volume={78},
	number={3},
	pages={583--586},
	year={1959},
	publisher={IEEE}
}

@article{brown1957digital,
	title={Digital solutions for large power networks},
	author={Brown, Rodney J and Tinney, William F},
	journal={Power Apparatus and Systems, Part III. Transactions of the American Institute of Electrical Engineers},
	volume={76},
	number={3},
	pages={347--351},
	year={1957},
	publisher={IEEE}
}

@article{TriasHELM,
	author={Trias, A.},
	booktitle={Power and Energy Society General Meeting, 2012 IEEE},
	title={The Holomorphic Embedding Load Flow method},
	year={2012},
	pages={1-8},
	keywords={iterative methods;load flow;power system dynamic stability;power system reliability;OPF;US patents;contingency analysis;holomorphic embedding load flow method;iterative methods;limit-violations solvers;power systems;real-time EMS products;real-time applications;restoration plan builders;steady state equations;Convergence;Equations;Iterative methods;Load flow;Load modeling;Mathematical model;Real-time systems;Load flow analysis;decision support systems;energy management;power engineering computing;power system modeling;power system restoration;power system simulation},
	doi={10.1109/PESGM.2012.6344759},
	ISSN={1944-9925},
	month={July},}


@online{AgileWiki,
	title = {Agile software development},
	date = {14-10-2015},
	url = {https://en.wikipedia.org/wiki/Agile_software_development}
}



@online{PLATOSweb,
	title = {PLATOS software website},
	date = {14-10-2015},
	url = {https://www.dnvgl.com/services/platos-energy-grid-storage-planning-7284}
}


@online{fPotenciaweb,
	title = {fPotencia library website},
	date = {14-10-2015},
	url = {https://github.com/SanPen/fpotencia}
}

@online{GridCalweb,
	title = {GridCal software website},
	date = {28-05-2016},
	url = {https://github.com/SanPen/GridCal}
}


@ARTICLE{Comparison_of_risk_based_and_deterministic,
	author={D. S. Kirschen and D. Jayaweera},
	journal={IET Generation, Transmission Distribution},
	title={Comparison of risk-based and deterministic security assessments},
	year={2007},
	volume={1},
	number={4},
	pages={527-533},
	keywords={power system reliability;power system security;probability;risk management;IEEE-Reliability Test System;adaptive deterministic security boundaries;deterministic security assessments;deterministic security boundary;outages probability;power system security;risk-based security assessments},
	doi={10.1049/iet-gtd:20060368},
	ISSN={1751-8687},
	month={July},}


@INPROCEEDINGS{Risk_analysis_of_alternatives_to_N_1_reserves,
	author={M. Bollen and Y. Chen and N. Elherden},
	booktitle={Electricity Distribution (CIRED 2013), 22nd International Conference and Exhibition on},
	title={Risk analysis of alternatives to N-1 reserves in a network with large amounts of wind power},
	year={2013},
	pages={1-4},
	keywords={power generation planning;power generation protection;power generation reliability;power overhead lines;power system management;power system simulation;risk analysis;smart power grids;wind power plants;N-1 reserve criterion alternative;grid-wide supervision;network loading supervision;network planning;overhead line rating;reliability;risk analysis;smart grid technology;special protection scheme;voltage 130 kV;wind power production},
	doi={10.1049/cp.2013.0610},
	month={June},}


@INPROCEEDINGS{new_reliability_criteria,
	author={N. D. Reppen},
	booktitle={Probabilistic Methods Applied to Power Systems, 2004 International Conference on},
	title={Increasing utilization of the transmission grid requires new reliability criteria and comprehensive reliability assessment},
	year={2004},
	pages={933-938},
	keywords={power system relaying;power transmission protection;power transmission reliability;probability;N-2 disturbances;deterministic N-1 criteria;deterministic reliability criteria;operating margins;parallel flow balancing devices;probabilistic reliability criteria;relay miss-operation;transmission grid reliability assessment;Councils;Guidelines;Power engineering and energy;Power system planning;Power system reliability;Relays;Reliability engineering;Risk management;Stress;Systems engineering and theory},
	month={Sept},}


@ARTICLE{7327191,
	author={Y. Jia and Z. Xu and L. L. Lai and K. P. Wong},
	journal={IEEE Transactions on Industrial Informatics},
	title={Risk-Based Power System Security Analysis Considering Cascading Outages},
	year={2016},
	volume={12},
	number={2},
	pages={872-882},
	keywords={IEEE standards;neural nets;power engineering computing;power system planning;power system reliability;power system security;risk analysis;smart power grids;IEEE test systems;N-1 criterion;N-k-induced cascading contingency analysis;Polish 2383-bus system;blackouts;cascading failure simulation module;cascading outages;decorrelated neural network ensembles;expansion planning;reliability;risk evaluation module;risk-based power system security analysis;security threats;smart grid demands;smart grid development;system operation;system security;Computational modeling;Load flow;Load modeling;Monte Carlo methods;Power system faults;Power system protection;Security;$N!!-!!k$;Cascading failures;N-k contingency;cascading failures;contingency;data mining;security analysis;smart grids},
	doi={10.1109/TII.2015.2499718},
	ISSN={1551-3203},
	month={April},}


@ARTICLE{4558427,
	author={H. Ren and I. Dobson and B. A. Carreras},
	journal={IEEE Transactions on Power Systems},
	title={Long-Term Effect of the n-1 Criterion on Cascading Line Outages in an Evolving Power Transmission Grid},
	year={2008},
	volume={23},
	number={3},
	pages={1217-1225},
	keywords={power generation faults;power generation reliability;power grids;power transmission lines;IEEE 118-bus test system;cascading line outages;load reliability;n-1 criterion;power transmission grid;probability distribution;Complex system;failure analysis;network reliability;power system security;power transmission reliability;risk analysis},
	doi={10.1109/TPWRS.2008.926417},
	ISSN={0885-8950},
	month={Aug},}

@INPROCEEDINGS{6345359,
	author={Y. Jia and Z. Xu},
	booktitle={2012 IEEE Power and Energy Society General Meeting},
	title={Risk assessment based on information entropy of cascading failure in power systems},
	year={2012},
	pages={1-5},
	keywords={failure analysis;power system interconnection;power system reliability;power transmission lines;reactive power;risk management;IEEE 30-bus system;N-1 contingency;bus voltage violation;cascading failure analysis;catastrophic events;generators;information entropy;power network interconnection;power system operational uncertainty;power systems;reactive power violation;reliability;risk assessment;transmission line overload;worst case cascading development;Entropy;Indexes;Power system faults;Power system protection;Power transmission lines;Risk management;cascading failure;entropy principle;risk assessment;severity indices},
	doi={10.1109/PESGM.2012.6345359},
	ISSN={1932-5517},
	month={July},}
